<record><leader>00000cas a2200000 a 4500</leader><controlfield tag="001">8804709</controlfield><controlfield tag="008">820924c19789999kyudr ne      0   a0eng  </controlfield><datafield ind1=" " ind2=" " tag="010"><subfield code="a">sn 82014667 </subfield></datafield><datafield ind1=" " ind2=" " tag="040"><subfield code="a">DLC</subfield><subfield code="b">eng</subfield><subfield code="c">DLC</subfield><subfield code="d">KNP</subfield><subfield code="d">DLC</subfield><subfield code="d">NSD</subfield><subfield code="d">KNP</subfield><subfield code="d">OCL</subfield><subfield code="d">OCLCQ</subfield><subfield code="d">CUS</subfield><subfield code="d">OCLCQ</subfield><subfield code="d">OCLCF</subfield><subfield code="d">DLC</subfield></datafield><datafield ind1=" " ind2=" " tag="012"><subfield code="m">1</subfield></datafield><datafield ind1="1" ind2=" " tag="022"><subfield code="a">1050-0030</subfield><subfield code="l">1050-0030</subfield><subfield code="2">1</subfield></datafield><datafield ind1=" " ind2=" " tag="032"><subfield code="a">526180</subfield><subfield code="b">USPS</subfield></datafield><datafield ind1=" " ind2=" " tag="037"><subfield code="b">Paducah Newspapers, Inc., 408-12 Kentucky Avenue, Paducah, Ky., 42001.</subfield></datafield><datafield ind1=" " ind2=" " tag="042"><subfield code="a">pcc</subfield><subfield code="a">nsdp</subfield></datafield><datafield ind1="0" ind2="0" tag="050"><subfield code="a">Newspaper</subfield></datafield><datafield ind1="0" ind2=" " tag="130"><subfield code="a">Paducah sun (Paducah, Ky. : 1978)</subfield></datafield><datafield ind1=" " ind2="4" tag="222"><subfield code="a">The Paducah sun</subfield><subfield code="b">(1978)</subfield></datafield><datafield ind1="0" ind2="4" tag="245"><subfield code="a">The Paducah sun.</subfield></datafield><datafield ind1=" " ind2=" " tag="260"><subfield code="a">Paducah, Ky. :</subfield><subfield code="b">Paducah Newspapers,</subfield><subfield code="c">1978-</subfield></datafield><datafield ind1=" " ind2=" " tag="300"><subfield code="a">v. :</subfield><subfield code="b">ill. ;</subfield><subfield code="c">58 cm.</subfield></datafield><datafield ind1=" " ind2=" " tag="310"><subfield code="a">Daily,</subfield><subfield code="b">&lt;Mar. 5, 1990-&gt;</subfield></datafield><datafield ind1=" " ind2=" " tag="321"><subfield code="a">Daily (except Sat.),</subfield><subfield code="b">June 26, 1978-</subfield></datafield><datafield ind1="0" ind2=" " tag="362"><subfield code="a">June 26, 1978-</subfield></datafield><datafield ind1=" " ind2=" " tag="500"><subfield code="a">"Independent."</subfield></datafield><datafield ind1=" " ind2=" " tag="500"><subfield code="a">Publisher: Paxton Media Group, &lt;July 1, 2013&gt;-</subfield></datafield><datafield ind1=" " ind2=" " tag="588"><subfield code="a">Latest issue consulted: Vol. 117, no. 212 (July 31, 2013).</subfield></datafield><datafield ind1=" " ind2="0" tag="651"><subfield code="a">McCracken County (Ky.)</subfield><subfield code="v">Newspapers.</subfield></datafield><datafield ind1=" " ind2="0" tag="651"><subfield code="a">Paducah (Ky.)</subfield><subfield code="v">Newspapers.</subfield></datafield><datafield ind1=" " ind2="7" tag="651"><subfield code="a">Kentucky</subfield><subfield code="z">McCracken County.</subfield><subfield code="2">fast</subfield><subfield code="0">(OCoLC)fst01215431</subfield></datafield><datafield ind1=" " ind2="7" tag="651"><subfield code="a">Kentucky</subfield><subfield code="z">Paducah.</subfield><subfield code="2">fast</subfield><subfield code="0">(OCoLC)fst01206751</subfield></datafield><datafield ind1=" " ind2="7" tag="655"><subfield code="a">Newspapers.</subfield><subfield code="2">fast</subfield><subfield code="0">(OCoLC)fst01423814</subfield></datafield><datafield ind1=" " ind2=" " tag="752"><subfield code="a">United States</subfield><subfield code="b">Kentucky</subfield><subfield code="c">McCracken</subfield><subfield code="d">Paducah.</subfield></datafield><datafield ind1="0" ind2="8" tag="776"><subfield code="i">Online version:</subfield><subfield code="t">Paducah sun (Paducah, Ky. : 1978 : Online)</subfield><subfield code="x">1050-0030</subfield><subfield code="w">(DLC)sn 82014667</subfield><subfield code="w">(OCoLC)232117604</subfield></datafield><datafield ind1="0" ind2="0" tag="780"><subfield code="t">Sun-democrat (Paducah, Ky. : 1962)</subfield><subfield code="w">(DLC)sn 85052143</subfield></datafield><datafield ind1=" " ind2=" " tag="936"><subfield code="a">Mar. 5, 1990 LIC</subfield></datafield><datafield ind1="1" ind2=" " tag="029"><subfield code="a">AU@</subfield><subfield code="b">000025820775</subfield></datafield></record>